@article{Ba,
  author    = {Lei Jimmy Ba and
               Rich Caurana},
  title     = {Do Deep Nets Really Need to be Deep?},
  journal   = {CoRR},
  volume    = {abs/1312.6184},
  year      = {2013},
  url       = {http://arxiv.org/abs/1312.6184},
  timestamp = {Mon, 06 Jan 2014 15:10:41 +0100},
  biburl    = {http://dblp.uni-trier.de/rec/bib/journals/corr/BaC13},
  bibsource = {dblp computer science bibliography, http://dblp.org}
}

