@article{Bennett,
  title = {Quantum cryptography without Bell's theorem},
  author = {Bennett, Charles H. and Brassard, Gilles and Mermin, N. David},
  journal = {Phys. Rev. Lett.},
  volume = {68},
  issue = {5},
  pages = {557--559},
  numpages = {0},
  year = {1992},
  month = {Feb},
  publisher = {American Physical Society},
  doi = {10.1103/PhysRevLett.68.557},
  url = {https://link.aps.org/doi/10.1103/PhysRevLett.68.557}
}
