@article{Blakley,
	author = {G. R. Blakley, },
	title = {Safeguarding cryptographic keys},
	journal = {Managing Requirements Knowledge, International Workshop on},
	volume = {00},
	number = {},
	issn = {},
	year = {1899},
	pages = {313},
	doi = {doi.ieeecomputersociety.org/10.1109/AFIPS.1979.98},
	publisher = {IEEE Computer Society},
	address = {Los Alamitos, CA, USA},
}
