@article{Calderbank,
  title = {Good quantum error-correcting codes exist},
  author = {Calderbank, A. R. and Shor, Peter W.},
  journal = {Phys. Rev. A},
  volume = {54},
  issue = {2},
  pages = {1098--1105},
  numpages = {0},
  year = {1996},
  month = {Aug},
  publisher = {American Physical Society},
  doi = {10.1103/PhysRevA.54.1098},
  url = {https://link.aps.org/doi/10.1103/PhysRevA.54.1098}
}
