@article{Hillery,
  title = {Quantum secret sharing},
  author = {Hillery, Mark and Bu\ifmmode \check{z}\else \v{z}\fi{}ek, Vladim\'{\i}r and Berthiaume, Andr\'e},
  journal = {Phys. Rev. A},
  volume = {59},
  issue = {3},
  pages = {1829--1834},
  numpages = {0},
  year = {1999},
  month = {Mar},
  publisher = {American Physical Society},
  doi = {10.1103/PhysRevA.59.1829},
  url = {https://link.aps.org/doi/10.1103/PhysRevA.59.1829}
}
