@article{Karlsson,
  title = {Quantum entanglement for secret sharing and secret splitting},
  author = {Karlsson, Anders and Koashi, Masato and Imoto, Nobuyuki},
  journal = {Phys. Rev. A},
  volume = {59},
  issue = {1},
  pages = {162--168},
  numpages = {0},
  year = {1999},
  month = {Jan},
  publisher = {American Physical Society},
  doi = {10.1103/PhysRevA.59.162},
  url = {https://link.aps.org/doi/10.1103/PhysRevA.59.162}
}
