@article{Knill,
  title = {Theory of quantum error-correcting codes},
  author = {Knill, Emanuel and Laflamme, Raymond},
  journal = {Phys. Rev. A},
  volume = {55},
  issue = {2},
  pages = {900--911},
  numpages = {0},
  year = {1997},
  month = {Feb},
  publisher = {American Physical Society},
  doi = {10.1103/PhysRevA.55.900},
  url = {https://link.aps.org/doi/10.1103/PhysRevA.55.900}
}
