@misc{lasagne,
  author       = {Sander Dieleman and
                  Jan Schlüter and
                  Colin Raffel and
                  Eben Olson and
                  Søren Kaae Sønderby and
                  Daniel Nouri and
                  Daniel Maturana and
                  Martin Thoma and
                  Eric Battenberg and
                  Jack Kelly and
                  Jeffrey De Fauw and
                  Michael Heilman and
                  Diogo Moitinho de Almeida and
                  Brian McFee and
                  Hendrik Weideman and
                  Gábor Takács and
                  Peter de Rivaz and
                  Jon Crall and
                  Gregory Sanders and
                  Kashif Rasul and
                  Cong Liu and
                  Geoffrey French and
                  Jonas Degrave},
  title        = {Lasagne: First release.},
  month        = aug,
  year         = 2015,
  doi          = {10.5281/zenodo.27878},
  url          = {http://dx.doi.org/10.5281/zenodo.27878}
}
