@article{MNIST,
	title={The MNIST database of handwritten digits},
	author={Yann LeCun, Corinna Cortes, Christopher J.C. Burges},
	url={https://yann.lecun.com/exdb/mnist}
}



