@misc{NVIDIA,
	title={NVIDIA CUDA-8.0}
	year={2017}
	url={https://developer.nvidia.com/}
}
