@article{Papernot,
  author    = {Nicolas Papernot and
               Patrick D. McDaniel and
               Xi Wu and
               Somesh Jha and
               Ananthram Swami},
  title     = {Distillation as a Defense to Adversarial Perturbations against Deep
               Neural Networks},
  journal   = {CoRR},
  volume    = {abs/1511.04508},
  year      = {2015},
  url       = {http://arxiv.org/abs/1511.04508},
  timestamp = {Thu, 17 Nov 2016 19:38:21 +0100},
  biburl    = {http://dblp.uni-trier.de/rec/bib/journals/corr/PapernotMWJS15},
  bibsource = {dblp computer science bibliography, http://dblp.org}
}

