@article{Papernot2,
  author    = {Nicolas Papernot and
               Patrick D. McDaniel and
               Somesh Jha and
               Matt Fredrikson and
               Z. Berkay Celik and
               Ananthram Swami},
  title     = {The Limitations of Deep Learning in Adversarial Settings},
  journal   = {CoRR},
  volume    = {abs/1511.07528},
  year      = {2015},
  url       = {http://arxiv.org/abs/1511.07528},
  timestamp = {Thu, 17 Nov 2016 19:38:21 +0100},
  biburl    = {http://dblp.uni-trier.de/rec/bib/journals/corr/PapernotMJFCS15},
  bibsource = {dblp computer science bibliography, http://dblp.org}
}

