@article{review,
  title = {How to Share a Quantum Secret},
  author = {Cleve, Richard and Gottesman, Daniel and Lo, Hoi-Kwong},
  journal = {Phys. Rev. Lett.},
  volume = {83},
  issue = {3},
  pages = {648--651},
  numpages = {0},
  year = {1999},
  month = {Jul},
  publisher = {American Physical Society},
  doi = {10.1103/PhysRevLett.83.648},
  url = {https://link.aps.org/doi/10.1103/PhysRevLett.83.648}
}
