@article{Salvail,
	author = {L. Salvail (personal communication)},
}
