@article{schmid,
  title={Deep learning in neural networks: An overview},
  author={Schmidhuber, J{\"u}rgen},
  journal={Neural networks},
  volume={61},
  pages={85--117},
  year={2015},
  publisher={Elsevier}
}
