@article{Shalev,
  title={Learnability, stability and uniform convergence},
  author={Shalev-Shwartz, Shai and Shamir, Ohad and Srebro, Nathan and Sridharan, Karthik},
  journal={Journal of Machine Learning Research},
  volume={11},
  number={Oct},
  pages={2635--2670},
  year={2010}
}
