@ARTICLE{Theano,
   author = {
     Rami Al-Rfou and
     Guillaume Alain and
     Amjad Almahairi and
     Christof Angermueller and
     Dzmitry Bahdanau and
     Nicolas Ballas and
     Fr\'ed\'eric Bastien and
     Justin Bayer and
     Anatoly Belikov and
     Alexander Belopolsky and
     Yoshua Bengio and
     Arnaud Bergeron and
     James Bergstra and
     Valentin Bisson and},
 collaboration = {Theano Development Team},
    title = "{Theano: A {Python} framework for fast computation of mathematical expressions}",
  journal = {arXiv e-prints},
   volume = {abs/1605.02688},
 primaryClass = "cs.SC",
 keywords = {Computer Science - Symbolic Computation, Computer Science - Learning, Computer Science - Mathematical Software},
     year = 2016,
    month = may,
      url = {http://arxiv.org/abs/1605.02688},
}
