@article{Wiesner,
	author={Wiesner}, 
	title={Conjugate coding},
	journal={SIGACT News},
	pages={15,77}
	year={1983},
}




